This file was created with JabRef 2.2.
Encoding: MacRoman

@article{forbioforprob,
  title={Mapping US forest biomass using nationwide forest inventory data and moderate resolution information},
  author={Blackard, JA and Finco, MV and Helmer, EH and Holden, GR and Hoppus, ML and Jacobs, DM and Lister, AJ and Moisen, GG and Nelson, MD and Riemann, R and others},
  journal={Remote sensing of Environment},
  volume={112},
  number={4},
  pages={1658--1677},
  year={2008},
  publisher={Elsevier}
}

@article{breidenbach2012,
  title={Small area estimation of forest attributes in the Norwegian National Forest Inventory},
  author={Breidenbach, Johannes and Astrup, Rasmus},
  journal={European Journal of Forest Research},
  volume={131},
  number={4},
  pages={1255--1267},
  year={2012},
  publisher={Springer}
}

@misc{nlcd11,
title={Completion of the 2011 National Land Cover Database for the Conterminous United States â€“ Representing a Decade of Land Cover Change Information},
author={Homer, Collin},
url={https://cfpub.epa.gov/si/si_public_record_report.cfm?Lab=NERL&dirEntryId=309950},
journal={EPA},
publisher={Environmental Protection Agency}, 
year={2015},
month={Nov}}

@article{finley2008,
  title={A Bayesian approach to multi-source forest area estimation},
  author={Finley, Andrew O and Banerjee, Sudipto and McRoberts, Ronald E},
  journal={Environmental and Ecological Statistics},
  volume={15},
  number={2},
  pages={241--258},
  year={2008},
  publisher={Springer}
}

@article{mcconville2020,
  title={A Tutorial on Model-Assisted Estimation with Application to Forest Inventory},
  author={McConville, Kelly S and Moisen, Gretchen G and Frescino, Tracey S},
  journal={Forests},
  volume={11},
  number={2},
  pages={244},
  year={2020},
  publisher={Multidisciplinary Digital Publishing Institute}
}

 @misc{whatisfia, 
 title={Forest Inventory and Analysis National Program},
 url={https://www.fia.fs.fed.us/about/about_us/},
 journal={What is FIA?},
 author={FIA},
 year={2020}} 

@article{rao2014,
  title={Small-area estimation},
  author={Rao, John NK},
  journal={Wiley StatsRef: Statistics Reference Online},
  pages={1--8},
  year={2014},
  publisher={Wiley Online Library}
}

@article{ver2017,
  title={Hierarchical Bayesian models for small area estimation of county-level private forest landowner population},
  author={Ver Planck, Neil R and Finley, Andrew O and Huff, Emily S},
  journal={Canadian Journal of Forest Research},
  volume={47},
  number={12},
  pages={1577--1589},
  year={2017},
  publisher={NRC Research Press}
}

@article{ver2018,
  title={Hierarchical Bayesian models for small area estimation of forest variables using LiDAR},
  author={Ver Planck, Neil R and Finley, Andrew O and Kershaw Jr, John A and Weiskittel, Aaron R and Kress, Megan C},
  journal={Remote Sensing of Environment},
  volume={204},
  pages={287--295},
  year={2018},
  publisher={Elsevier}
}

